/Users/andyreagan/papers/everything.bib